<?xml version="1.0" encoding="UTF-8"?><collection xmlns="http://www.loc.gov/MARC21/slim"><record><leader>00332nam--2200133-i-4500</leader><controlfield tag="001">000020892</controlfield><controlfield tag="002">20161230</controlfield><controlfield tag="005">20161230201033</controlfield><controlfield tag="008">060222s1000------------r-----000-0-eng-d</controlfield><datafield ind1=" " ind2=" " tag="080"><subfield code="a">681.11:621.039.86</subfield></datafield><datafield ind1=" " ind2=" " tag="100"><subfield code="a">Faul, Henry</subfield></datafield><datafield ind1=" " ind2=" " tag="245"><subfield code="a">Nuclear clocks</subfield></datafield><datafield ind1=" " ind2=" " tag="260"><subfield code="a">Washington, U.S. Atomic Energy Commission,1966 60 P</subfield></datafield><datafield ind1=" " ind2=" " tag="852"><subfield code="a">79633</subfield></datafield></record></collection>